<record><leader>00000cas a22000007a 4500</leader><controlfield tag="001">20576651</controlfield><controlfield tag="008">891031d18481855mduwr ne      0    0eng d</controlfield><datafield ind1=" " ind2=" " tag="010"><subfield code="a">sn 89060259 </subfield></datafield><datafield ind1=" " ind2=" " tag="040"><subfield code="a">MFN</subfield><subfield code="b">eng</subfield><subfield code="c">MFN</subfield><subfield code="d">OCLCQ</subfield></datafield><datafield ind1=" " ind2=" " tag="042"><subfield code="a">msc</subfield></datafield><datafield ind1="0" ind2=" " tag="130"><subfield code="a">Westminster Carrolltonian (Westminster, Md. : 1848)</subfield></datafield><datafield ind1="1" ind2="0" tag="245"><subfield code="a">Westminster Carrolltonian.</subfield></datafield><datafield ind1=" " ind2=" " tag="260"><subfield code="a">Westminster, Md. :</subfield><subfield code="b">William H. Grammer</subfield></datafield><datafield ind1=" " ind2=" " tag="300"><subfield code="a">v.</subfield></datafield><datafield ind1=" " ind2=" " tag="310"><subfield code="a">Weekly</subfield></datafield><datafield ind1="1" ind2=" " tag="362"><subfield code="a">Began in 1848.</subfield></datafield><datafield ind1="0" ind2=" " tag="362"><subfield code="a">-new ser., v. 5, no. 23 (June 8, 1855) = -old ser., v. 22, no. 1194 (June 8, 1855).</subfield></datafield><datafield ind1=" " ind2=" " tag="588"><subfield code="a">Description based on: Vol. 16, no. 13 (Oct. 6, 1848).</subfield></datafield><datafield ind1=" " ind2=" " tag="752"><subfield code="a">United States</subfield><subfield code="b">Maryland</subfield><subfield code="c">Carroll</subfield><subfield code="d">Westminster.</subfield></datafield><datafield ind1="0" ind2="0" tag="780"><subfield code="t">Carrolltonian (Westminster, Md. : 1845)</subfield><subfield code="w">(DLC)sn 89060258</subfield></datafield><datafield ind1="0" ind2="0" tag="785"><subfield code="t">American sentinel (Westminster, Md.)</subfield><subfield code="w">(DLC)sn 84026680</subfield></datafield><datafield ind1="1" ind2=" " tag="029"><subfield code="a">AU@</subfield><subfield code="b">000025848279</subfield></datafield></record>